@article{huberloss,
  author    = {P. J. Huber},
  title     = {Robust estimation of a location parameter},
  journal   = {Annals of Mathematical Statistics},
  volume    = {35},
  number    = {1},
  pages     = {73--101},
  year      = {1964},
  month     = mar,
  doi       = {10.1214/aoms/1177703732}
}
